%!TEX root = ../dissertation.tex

% labauthor:zakirzyanov               - marks ALL the works by the thesis author
% phd:zakirzyanov                     - marks the works by the thesis author, related to the thesis
% index:wos, index:scopus, index:vak  - show whether the publication is indexed

@inproceedings{zakirzyanov2015LATA,
  author    = {Vladimir Ulyantsev and
               Ilya Zakirzyanov and
               Anatoly Shalyto},
  title     = {BFS-Based Symmetry Breaking Predicates for {DFA} Identification},
  booktitle = {Language and Automata Theory and Applications~--- 9th International
               Conference, {LATA} 2015, Nice, France, March 2-6, 2015, Proceedings},
  langid    = {english},
  series    = {Lecture Notes in Computer Science},
  volume    = {8977},
  pages     = {611--622},
  publisher = {Springer},
  year      = {2015},
  doi       = {10.1007/978-3-319-15579-1\_48},
  keywords  = {labauthor:zakirzyanov, phd:zakirzyanov, index:scopus}
}

@inproceedings{zakirzyanov2017DataMode,
  author    = {Ilya Zakirzyanov and
               Anatoly Shalyto and
               Vladimir Ulyantsev},
  title     = {Finding All Minimum-Size {DFA} Consistent with Given Examples: SAT-Based
               Approach},
  booktitle = {Software Engineering and Formal Methods~--- {SEFM} 2017 Collocated Workshops:
               DataMod, FAACS, MSE, CoSim-CPS, and FOCLASA, Trento, Italy, September
               4-5, 2017, Revised Selected Papers},
  langid    = {english},
  series    = {Lecture Notes in Computer Science},
  volume    = {10729},
  pages     = {117--131},
  publisher = {Springer},
  year      = {2017},
  doi       = {10.1007/978-3-319-74781-1\_9},
  keywords  = {labauthor:zakirzyanov, phd:zakirzyanov, index:scopus}
}

@inproceedings{zakirzyanov2019LATA,
  author    = {Ilya Zakirzyanov and
               Antonio Morgado and
               Alexey Ignatiev and
               Vladimir Ulyantsev and
               Joao Marques{-}Silva},
  langid    = {english},
  title     = {Efficient Symmetry Breaking for SAT-Based Minimum {DFA} Inference},
  booktitle = {Language and Automata Theory and Applications~--- 13th International
               Conference, {LATA} 2019, St. Petersburg, Russia, March 26-29, 2019,
               Proceedings},
  series    = {Lecture Notes in Computer Science},
  volume    = {11417},
  pages     = {159--173},
  publisher = {Springer},
  year      = {2019},
  doi       = {10.1007/978-3-030-13435-8\_12},
  keywords  = {labauthor:zakirzyanov, phd:zakirzyanov, index:scopus}
}

@inproceedings{kachalsky2018ICMLA,
  author    = {Ilya Kachalsky and
               Ilya Zakirzyanov and
               Vladimir Ulyantsev},
  title     = {Applying Reinforcement Learning and Supervised Learning Techniques
               to Play Hearthstone},
  booktitle = {16th {IEEE} International Conference on Machine Learning and Applications,
               {ICMLA} 2017, Cancun, Mexico, December 18-21, 2017},
  langid    = {english},
  pages     = {1145--1148},
  publisher = {{IEEE}},
  year      = {2017},
  doi       = {10.1109/ICMLA.2017.00016},
  keywords  = {labauthor:zakirzyanov, index:scopus}
}

@inproceedings{Ovsiannikova2018INDIN,
  author    = {Polina Ovsiannikova and
               Daniil Chivilikhin and
               Vladimir Ulyantsev and
               Andrey Stankevich and
               Ilya Zakirzyanov and
               Valeriy Vyatkin and
               Anatoly Shalyto},
  title     = {Active Learning of Formal Plant Models For Cyber-Physical Systems},
  booktitle = {16th {IEEE} International Conference on Industrial Informatics, {INDIN}
               2018, Porto, Portugal, July 18-20, 2018},
  langid    = {english},
  pages     = {719--724},
  publisher = {{IEEE}},
  year      = {2018},
  doi       = {10.1109/INDIN.2018.8471924},
  keywords  = {labauthor:zakirzyanov, phd:zakirzyanov, index:scopus}
}

@article{zakirzyanov2020Vestnik,
  author    = {Закирзянов, Илья Тимурович},
  title     = {Построение детерминированных конечных автоматов по примерам поведения с использованием подхода уточнения  
               абстракции по контрпримерам},
  journal   = {Научно-технический вестник информационных технологий, механики и оптики},
  volume    = {20},
  number    = {3},
  pages     = {394--401},
  year      = {2020},
  doi       = {10.17586/2226-1494-2020-20-3-394-401},
  langid    = {russian},
  keywords  = {labauthor:zakirzyanov, phd:zakirzyanov, index:vak}
}

@inproceedings{ zakirzyanov-kmu15,
  author      = {Илья Тимурович Закирзянов},
  title       = {Разработка предикатов нарушения симметрии на основе поиска в ширину для
                 построения детерминированных конечных автоматов},
  booktitle   = {Сборник тезисов докладов Всероссийского конгресса молодых ученых},
  year        = {2015},
  langid      = {russian},
  keywords    = {labauthor:zakirzyanov, phd:zakirzyanov}
}

@inproceedings{ zakirzyanov-kmu16,
  author      = {Илья Тимурович Закирзянов},
  title       = {Эмпирическая оценка производительности программных средств решения задачи {SAT} для синтеза {ДКА}},
  booktitle   = {Сборник тезисов докладов Всероссийского конгресса молодых ученых},
  year        = {2016},
  langid      = {russian},
  keywords    = {labauthor:zakirzyanov, phd:zakirzyanov}
}

@inproceedings{ zakirzyanov-kmu17,
  author      = {Илья Тимурович Закирзянов and
                 Владимир Игоревич Ульянцев},
  title       = {Сравнительный анализ методов задания ограничений типа at-most-one на примере задачи построения 
                 {ДКА} с использованием программных средств решения {SAT}},
  booktitle   = {Сборник тезисов докладов Всероссийского конгресса молодых ученых},
  year        = {2017},
  langid      = {russian},
  keywords    = {labauthor:zakirzyanov, phd:zakirzyanov}
}

@inproceedings{ zakirzyanov-kmu18,
  author      = {Илья Тимурович Закирзянов},
  title       = {Разработка предикатов нарушения симметрии для построения автоматных моделей программного 
                 обеспечения по заданной спецификации в виде темпоральных формул},
  booktitle   = {Сборник тезисов докладов Всероссийского конгресса молодых ученых},
  year        = {2018},
  langid      = {russian},
  keywords    = {labauthor:zakirzyanov, phd:zakirzyanov}
}

@inproceedings{ zakirzyanov-kmu20,
  author      = {Илья Тимурович Закирзянов},
  title       = {Построение минимального ДКА на основе сведения к {SAT} с использованием предположений},
  booktitle   = {Сборник тезисов докладов конгресса молодых ученых},
  year        = {2020},
  langid      = {russian},
  keywords    = {labauthor:zakirzyanov, phd:zakirzyanov}
}

%--------------------------------------------------------------------------------------

@patent{program-2016,
     title = {Программа},
     heading = {Программный комплекс методов машинного обучения DFA-Inductor для построения детерминированных конечных автоматов},
     requestnumber = {2016618241},
     author = {Закирзянов, Илья Тимурович and Ульянцев, Владимир Игоревич and Шалыто, Анатолий Абрамович},
     publicationdate = {2016-09-20},
     langid = {russian},
     keywords = {phd:program, labauthor:zakirzyanov, phd:zakirzyanov}
}

@patent{program-2018,
     title = {Программа},
     heading = {Программное средство для генерации дискретной формальной модели объекта управления по примерам поведения},
     requestnumber = {2018619728},
     author = {Бужинский, Игорь Петрович and Закирзянов, Илья Тимурович and Миронович, Владимир Анатольевич and Казаков, Сергей Владимирович and Лукин, Михаил Андреевич and Буздалова, Арина Сергеевна and Ульянцев, Владимир Игоревич and Шалыто, Анатолий Абрамович},
     publicationdate = {2018-08-10},
     langid = {russian},
     keywords = {phd:program, labauthor:zakirzyanov, phd:zakirzyanov}
}

%--------------------------------------------------------------------------------------

@inproceedings{heule-icgi10,
  author      = {Marijn Heule and
                 Sicco Verwer},
  title       = {Exact {DFA} Identification Using {SAT} Solvers},
  booktitle   = {Grammatical Inference: Theoretical Results and Applications, 10th
                International Colloquium, {ICGI} 2010, Valencia, Spain, September
                13-16, 2010. Proceedings},
  series      = {Lecture Notes in Computer Science},
  volume      = {6339},
  pages       = {66--79},
  publisher   = {Springer},
  year        = {2010},
  langid      = {english}
}

@incollection{MSilva-SATbook09,
  author    = {Jo{\~{a}}o P. Marques{-}Silva and
               In{\^{e}}s Lynce and
               Sharad Malik},
  editor    = {Armin Biere and
               Marijn Heule and
               Hans van Maaren and
               Toby Walsh},
  title     = {Conflict-Driven Clause Learning {SAT} Solvers},
  booktitle = {Handbook of Satisfiability},
  series    = {Frontiers in Artificial Intelligence and Applications},
  volume    = {185},
  pages     = {131--153},
  publisher = {{IOS} Press},
  year      = {2009},
  doi       = {10.3233/978-1-58603-929-5-131},
  langid    = {english}
}

@book{post-theorem41,
  author    = {Emil L. Post},
  title     = {The Two-Valued Iterative Systems of Mathematical Logic},
  year      = {1942},
  series    = {Annals of Mathematics Studies},
  volume    = {5},
  publisher = {Princeton University Press},
  location  = {Princeton, NJ},
  isbn      = {9780691095707},
  pagetotal = {122},
  langid    = {english}
}

@book{SAThandbook-2009,
  editor    = {Armin Biere and
               Marijn Heule and
               Hans van Maaren and
               Toby Walsh},
  title     = {Handbook of Satisfiability},
  series    = {Frontiers in Artificial Intelligence and Applications},
  volume    = {185},
  publisher = {{IOS} Press},
  pagetotal = {980},
  year      = {2009},
  langid    = {english}
}

@inproceedings{cook-satnp-71,
  author    = {Stephen A. Cook},
  editor    = {Michael A. Harrison and
               Ranan B. Banerji and
               Jeffrey D. Ullman},
  title     = {The Complexity of Theorem-Proving Procedures},
  booktitle = {Proceedings of the 3rd Annual {ACM} Symposium on Theory of Computing,
               May 3-5, 1971, Shaker Heights, Ohio, {USA}},
  pages     = {151--158},
  publisher = {{ACM}},
  year      = {1971},
  doi       = {10.1145/800157.805047},
}

@article{levin-satnp-73,
    author        = {Леонид Анатольевич Левин},
    title         = {Универсальные задачи перебора},
    journaltitle  = {Проблемы передачи информации},
    year          = {1973},
    volume        = {9},
    issue         = {3},
    pages         = {115--116},
    langid        = {russian}
}

@article{reduce-ladner-75,
  author    = {Richard E. Ladner},
  title     = {On the Structure of Polynomial Time Reducibility},
  journal   = {Journal of the {ACM}},
  volume    = {22},
  number    = {1},
  pages     = {155--171},
  year      = {1975}
}

@book{millennium-problems-carlson-06,
  author    = {Carlson, James A and Jaffe, Arthur and Wiles, Andrew},
  title     = {The millennium prize problems},
  year      = {2006},
  publisher = {American Mathematical Society},
  pagetotal = {165},
  langid    = {english}
}

@book{automata-hopcroft-2001,
  author    = {John E. Hopcroft and
               Rajeev Motwani and
               Jeffrey D. Ullman},
  title     = {Introduction to automata theory, languages, and computation, 2nd Edition},
  series    = {Addison-Wesley series in computer science},
  publisher = {Addison-Wesley-Longman},
  year      = {2001},
  pagetotal = {560},
  langid    = {english}
}

@book{mogensen-analysis-11,
  author    = {Torben {\AE}gidius Mogensen},
  title     = {Lexical Analysis},
  booktitle = {Introduction to Compiler Design},
  series    = {Undergraduate Topics in Computer Science},
  publisher = {Springer},
  year      = {2011},
  pagetotal = {204},
  langid    = {english}
}

@phdthesis{neider-phd-14,
  author    = {Daniel Neider},
  title     = {Applications of automata learning in verification and synthesis},
  school    = {{RWTH} Aachen University},
  year      = {2014},
  langid    = {english}
}

@article{Angluin-active-87,
  author    = {Dana Angluin},
  title     = {Learning Regular Sets from Queries and Counterexamples},
  journal   = {Information and Computation},
  volume    = {75},
  number    = {2},
  pages     = {87--106},
  year      = {1987},
  langid    = {english}
}

@inproceedings{DBLP:conf/sfm/SteffenHM11,
  author    = {Bernhard Steffen and
               Falk Howar and
               Maik Merten},
  title     = {Introduction to Active Automata Learning from a Practical Perspective},
  booktitle = {{SFM}},
  series    = {Lecture Notes in Computer Science},
  volume    = {6659},
  pages     = {256--296},
  publisher = {Springer},
  year      = {2011},
  langid    = {english}
}

@article{DBLP:journals/pr/Higuera05,
  author    = {Colin de la Higuera},
  title     = {A bibliographical study of grammatical inference},
  journal   = {Pattern Recognition},
  volume    = {38},
  number    = {9},
  pages     = {1332--1348},
  year      = {2005},
  langid    = {english}
}

@article{DBLP:journals/pr/BugalhoO05,
  author    = {Miguel M. F. Bugalho and
               Arlindo L. Oliveira},
  title     = {Inference of regular languages using state merging algorithms with
               search},
  journal   = {Pattern Recognition},
  volume    = {38},
  number    = {9},
  pages     = {1457--1467},
  year      = {2005},
  langid    = {english}
}

@article{DBLP:journals/iandc/Gold78,
  author    = {E. Mark Gold},
  title     = {Complexity of Automaton Identification from Given Data},
  journal   = {Information and Control},
  volume    = {37},
  number    = {3},
  pages     = {302--320},
  year      = {1978},
  langid    = {english}
}

@book{banich2011generalization,
  title     = {Generalization of knowledge: Multidisciplinary perspectives},
  author    = {Banich, Marie T and Caccamise, Donna},
  year      = {2010},
  publisher = {Psychology Press},
  pagetotal = {380},
  langid    = {english}
}

@article{DBLP:journals/cacm/DavisLL62,
  author    = {Martin Davis and
               George Logemann and
               Donald W. Loveland},
  title     = {A machine program for theorem-proving},
  journal   = {Communications of the {ACM}},
  volume    = {5},
  number    = {7},
  pages     = {394--397},
  year      = {1962},
  langid    = {english}
}

@article{DBLP:journals/jacm/DavisP60,
  author    = {Martin Davis and
               Hilary Putnam},
  title     = {A Computing Procedure for Quantification Theory},
  journal   = {Journal of the {ACM}},
  volume    = {7},
  number    = {3},
  pages     = {201--215},
  year      = {1960},
  langid    = {english}
}

@inproceedings{DBLP:conf/aaai/SelmanLM92,
  author    = {Bart Selman and
               Hector J. Levesque and
               David G. Mitchell},
  title     = {A New Method for Solving Hard Satisfiability Problems},
  booktitle = {{AAAI}},
  pages     = {440--446},
  publisher = {{AAAI} Press / The {MIT} Press},
  year      = {1992},
  langid    = {english}
}

@inproceedings{DBLP:conf/dimacs/SelmanKC93,
  author    = {Bart Selman and
               Henry A. Kautz and
               Bram Cohen},
  title     = {Local search strategies for satisfiability testing},
  booktitle = {Cliques, Coloring, and Satisfiability},
  series    = {{DIMACS} Series in Discrete Mathematics and Theoretical Computer Science},
  volume    = {26},
  pages     = {521--531},
  publisher = {{DIMACS/AMS}},
  year      = {1993},
  langid    = {english}
}

@inproceedings{DBLP:conf/focs/Schoning99,
  author    = {Uwe Sch{\"{o}}ning},
  title     = {A Probabilistic Algorithm for k-SAT and Constraint Satisfaction Problems},
  booktitle = {{FOCS}},
  pages     = {410--414},
  publisher = {{IEEE} Computer Society},
  year      = {1999},
  langid    = {english}
}

@inproceedings{DBLP:conf/iccad/SilvaS96,
  author    = {Jo{\~{a}}o P. Marques{-}Silva and
               Karem A. Sakallah},
  title     = {{GRASP}~--- a new search algorithm for satisfiability},
  booktitle = {{ICCAD}},
  pages     = {220--227},
  publisher = {{IEEE} Computer Society / {ACM}},
  year      = {1996},
  langid    = {english}
}

@article{DBLP:journals/tc/Marques-SilvaS99,
  author    = {Jo{\~{a}}o P. Marques{-}Silva and
               Karem A. Sakallah},
  title     = {{GRASP:} {A} Search Algorithm for Propositional Satisfiability},
  journal   = {{IEEE} Transactions on Computers},
  volume    = {48},
  number    = {5},
  pages     = {506--521},
  year      = {1999},
  langid    = {english}
}

@inproceedings{DBLP:conf/cav/ClarkeGJLV00,
  author    = {Edmund M. Clarke and
               Orna Grumberg and
               Somesh Jha and
               Yuan Lu and
               Helmut Veith},
  title     = {Counterexample-Guided Abstraction Refinement},
  booktitle = {{CAV}},
  series    = {Lecture Notes in Computer Science},
  volume    = {1855},
  pages     = {154--169},
  publisher = {Springer},
  year      = {2000},
  langid    = {english}
}

@inproceedings{DBLP:conf/icgi/LangPP98,
  author    = {Kevin J. Lang and
               Barak A. Pearlmutter and
               Rodney A. Price},
  title     = {Results of the Abbadingo One {DFA} Learning Competition and a New
               Evidence-Driven State Merging Algorithm},
  booktitle = {{ICGI}},
  series    = {Lecture Notes in Computer Science},
  volume    = {1433},
  pages     = {1--12},
  publisher = {Springer},
  year      = {1998},
  langid    = {english}
}

@inproceedings{DBLP:conf/cec/Gomez06,
  author    = {Jonatan G{\'{o}}mez},
  title     = {An Incremental-Evolutionary Approach for Learning Deterministic Finite
               Automata},
  booktitle = {{IEEE} Congress on Evolutionary Computation},
  pages     = {362--369},
  publisher = {{IEEE}},
  year      = {2006},
  langid    = {english}
}

@article{DBLP:journals/pami/LucasR05,
  author    = {Simon M. Lucas and
               T. Jeff Reynolds},
  title     = {Learning Deterministic Finite Automata with a Smart State Labeling
               Evolutionary Algorithm},
  journal   = {{IEEE} Transactions on Pattern Analysis and Machine Intelligence},
  volume    = {27},
  number    = {7},
  pages     = {1063--1074},
  year      = {2005},
  langid    = {english}
}

@phdthesis{genetic-algs-dfa-inf-egorov-13,
  author      = {Кирилл Викторович Егоров},
  title       = {Генерация управляющих автоматов на основе генетического программирования и верификации},
  institution = {НИУ ИТМО},
  year        = {2013},
  science     = {техн. наук},
  langid      = {russian}
}

@article{DBLP:journals/ese/HeuleV13,
  author    = {Marijn Heule and
               Sicco Verwer},
  title     = {Software model synthesis using satisfiability solvers},
  journal   = {Empirical Software Engineering},
  volume    = {18},
  number    = {4},
  pages     = {825--856},
  year      = {2013},
  langid    = {english}
}

@book{clarke2018model,
  title       = {Model checking},
  series      = {Cyber Physical Systems Series},
  edition     = {second edition},
  author      = {Clarke Jr, Edmund M and Grumberg, Orna and Kroening, Daniel and Peled, Doron and Veith, Helmut},
  year        = {2018},
  publisher   = {MIT press},
  pagetotal   = {424},
  langid      = {english}
}

@book{shalyto-automata-2010,
  title       = {Автоматное программирование},
  author      = {Поликарпова, Надежда Игоревна and Шалыто, Анатолий Абрамович},
  year        = {2010},
  publisher   = {СПБ: Питер},
  pagetotal   = {176},
  langid      = {russian}
}

@inproceedings{DBLP:conf/etfa/ChivilikhinBUSS18,
  author    = {Daniil Chivilikhin and
               Igor Buzhinsky and
               Vladimir Ulyantsev and
               Andrey Stankevich and
               Anatoly Shalyto and
               Valeriy Vyatkin},
  title     = {Counterexample-guided inference of controller logic from execution
               traces and temporal formulas},
  booktitle = {{ETFA}},
  pages     = {91--98},
  publisher = {{IEEE}},
  year      = {2018},
  langid    = {english}
}

@inproceedings{DBLP:conf/etfa/BuzhinskyV17,
  author    = {Igor Buzhinsky and
               Valeriy Vyatkin},
  title     = {Modular plant model synthesis from behavior traces and temporal properties},
  booktitle = {{ETFA}},
  pages     = {1--7},
  publisher = {{IEEE}},
  year      = {2017},
  langid    = {english}
}

@article{DBLP:journals/tii/BuzhinskyV17,
  author    = {Igor Buzhinsky and
               Valeriy Vyatkin},
  title     = {Automatic Inference of Finite-State Plant Models From Traces and Temporal
               Properties},
  journal   = {{IEEE} Transactions on Industrial Informatics},
  volume    = {13},
  number    = {4},
  pages     = {1521--1530},
  year      = {2017},
  langid    = {english}
}

@article{DBLP:journals/tosem/CookW98,
  author    = {Jonathan E. Cook and
               Alexander L. Wolf},
  title     = {Discovering Models of Software Processes from Event-Based Data},
  journal   = {{ACM} Transactions on Software Engineering Methodology},
  volume    = {7},
  number    = {3},
  pages     = {215--249},
  year      = {1998},
  langid    = {english}
}

@inproceedings{DBLP:conf/sigsoft/BertolinoIPT09,
  author    = {Antonia Bertolino and
               Paola Inverardi and
               Patrizio Pelliccione and
               Massimo Tivoli},
  title     = {Automatic synthesis of behavior protocols for composable web-services},
  booktitle = {{ESEC/SIGSOFT} {FSE}},
  pages     = {141--150},
  publisher = {{ACM}},
  year      = {2009},
  langid    = {english}
}

@inproceedings{DBLP:conf/sp/SivakornAPKJ17,
  author    = {Suphannee Sivakorn and
               George Argyros and
               Kexin Pei and
               Angelos D. Keromytis and
               Suman Jana},
  title     = {HVLearn: Automated Black-Box Analysis of Hostname Verification in
               {SSL/TLS} Implementations},
  booktitle = {{IEEE} Symposium on Security and Privacy},
  pages     = {521--538},
  publisher = {{IEEE} Computer Society},
  year      = {2017},
  langid    = {english}
}

@phdthesis{ulyantsev-phd-13,
  author      = {Владимир Игоревич Ульянцев},
  title       = {Генерация конечных автоматов с использованием программных средств решения задач выполнимости и удовлетворения ограничений},
  institution = {НИУ ИТМО},
  year        = {2015},
  science     = {техн. наук},
  langid      = {russian}
}

@phdthesis{chivilikhin-phd-15,
  author      = {Даниил Сергеевич Чивилихин},
  title       = {Генерация конечных автоматов на основе муравьиных алгоритмов},
  institution = {НИУ ИТМО},
  year        = {2015},
  science     = {техн. наук},
  langid      = {russian}
}

@book{wagner2006modeling,
  title       = {Modeling Software with Finite State Machines: A Practical Approach},
  author      = {Wagner, F. and Schmuki, R. and Wagner, T. and Wolstenholme, P.},
  year        = {2006},
  publisher   = {CRC Press},
  pagetotal   = {392},
  langid      = {english}
}

@inproceedings{DBLP:conf/aaai/Walsh12,
  author    = {Toby Walsh},
  editor    = {J{\"{o}}rg Hoffmann and
               Bart Selman},
  title     = {Symmetry Breaking Constraints: Recent Results},
  booktitle = {Proceedings of the Twenty-Sixth {AAAI} Conference on Artificial Intelligence,
               July 22-26, 2012, Toronto, Ontario, Canada},
  publisher = {{AAAI} Press},
  year      = {2012},
  langid    = {english}
}

@online{dfa-inductor,
  author    = {Ilya Zakirzyanov, Vladimir Ulyantsev},
  title     = {{DFA-Inductor}},
  url       = {https://github.com/ctlab/DFA-Inductor},
  urldate   = {2020-10-02},
  langid    = {russian}
}

@online{dfa-inductor-py,
  author    = {Ilya Zakirzyanov},
  title     = {{DFA-Inductor-py}},
  url       = {https://github.com/ctlab/DFA-Inductor-py},
  urldate   = {2020-10-02},
  langid    = {russian}
}

@online{sat-competitions,
  title     = {The International {SAT} Competition Web Page},
  url       = {http://www.satcompetition.org/},
  urldate   = {2020-10-15},
  langid    = {russian}
}

@online{sat-competition-2020,
  title     = {SAT Competition 2020},
  url       = {https://satcompetition.github.io/2020},
  urldate   = {2020-10-15},
  langid    = {russian}
}

@inproceedings{DBLP:conf/setta/PatilDV15,
  author    = {Sandeep Patil and
               Victor Dubinin and
               Valeriy Vyatkin},
  title     = {Formal Modelling and Verification of {IEC61499} Function Blocks with
               Abstract State Machines and {SMV}~--- Execution Semantics},
  booktitle = {{SETTA}},
  series    = {Lecture Notes in Computer Science},
  volume    = {9409},
  pages     = {300--315},
  publisher = {Springer},
  year      = {2015},
  langid    = {english}
}

@inproceedings{DBLP:conf/coordination/JongmansHA14,
  author    = {Sung{-}Shik T. Q. Jongmans and
               Sean Halle and
               Farhad Arbab},
  title     = {Automata-Based Optimization of Interaction Protocols for Scalable Multicore Platforms},
  booktitle = {{COORDINATION}},
  series    = {Lecture Notes in Computer Science},
  volume    = {8459},
  pages     = {65--82},
  publisher = {Springer},
  year      = {2014},
  langid    = {english}
}

@article{DBLP:journals/sttt/UlyantsevBS18,
  author    = {Vladimir Ulyantsev and
               Igor Buzhinsky and
               Anatoly Shalyto},
  title     = {Exact finite-state machine identification from scenarios and temporal
               properties},
  journal   = {International Journal on Software Tools for Technology Transfer},
  volume    = {20},
  number    = {1},
  pages     = {35--55},
  year      = {2018},
  langid    = {english}
}

@inproceedings{imms-sat18,
  author    = {Alexey Ignatiev and
               Antonio Morgado and
               Joao Marques{-}Silva},
  title     = {{PySAT:} {A} {Python} Toolkit for Prototyping
               with {SAT} Oracles},
  booktitle = {SAT},
  pages     = {428--437},
  year      = {2018},
  doi       = {10.1007/978-3-319-94144-8_26},
  langid    = {english}
}

@inproceedings{DBLP:conf/sat/EenS03,
  author    = {Niklas E{\'{e}}n and
               Niklas S{\"{o}}rensson},
  title     = {An Extensible SAT-solver},
  booktitle = {{SAT}},
  series    = {Lecture Notes in Computer Science},
  volume    = {2919},
  pages     = {502--518},
  publisher = {Springer},
  year      = {2003},
  langid    = {english}
}

@inbook{DBLP:books/mg/CormenLRS01-dfs,
  author    = {Thomas H. Cormen and
               Charles E. Leiserson and
               Ronald L. Rivest and
               Clifford Stein},
  title     = {Introduction to Algorithms, Second Edition},
  publisher = {The {MIT} Press and McGraw-Hill Book Company},
  year      = {2001},
  chapter   = {22.3: Depth-first search},
  pages     = {540--549},
  langid    = {english}
}

@inbook{DBLP:books/mg/CormenLRS01-bfs,
  author    = {Thomas H. Cormen and
               Charles E. Leiserson and
               Ronald L. Rivest and
               Clifford Stein},
  title     = {Introduction to Algorithms, Second Edition},
  publisher = {The {MIT} Press and McGraw-Hill Book Company},
  year      = {2001},
  chapter   = {22.2: Breadth-first search},
  pages     = {540--549},
  langid    = {english}
}

@inproceedings{DBLP:conf/coco/Karp72,
  author    = {Richard M. Karp},
  title     = {Reducibility Among Combinatorial Problems},
  booktitle = {Complexity of Computer Computations},
  series    = {The {IBM} Research Symposia Series},
  pages     = {85--103},
  publisher = {Plenum Press, New York},
  year      = {1972},
  langid    = {english}
}

@inproceedings{DBLP:conf/tacas/BiereCCZ99,
  author    = {Armin Biere and
               Alessandro Cimatti and
               Edmund M. Clarke and
               Yunshan Zhu},
  title     = {Symbolic Model Checking without BDDs},
  booktitle = {{TACAS}},
  series    = {Lecture Notes in Computer Science},
  volume    = {1579},
  pages     = {193--207},
  publisher = {Springer},
  year      = {1999},
  langid    = {english}
}

@inproceedings{DBLP:conf/wia/SkvortsovT11,
  author    = {Evgeny Skvortsov and
               Evgeny Tipikin},
  title     = {Experimental Study of the Shortest Reset Word of Random Automata},
  booktitle = {{CIAA}},
  series    = {Lecture Notes in Computer Science},
  volume    = {6807},
  pages     = {290--298},
  publisher = {Springer},
  year      = {2011},
  langid    = {english}
}

@inproceedings{DBLP:conf/ijcai/NarodytskaIPM18,
  author    = {Nina Narodytska and
               Alexey Ignatiev and
               Filipe Pereira and
               Jo{\~{a}}o Marques{-}Silva},
  title     = {Learning Optimal Decision Trees with {SAT}},
  booktitle = {{IJCAI}},
  pages     = {1362--1368},
  publisher = {ijcai.org},
  year      = {2018},
  langid    = {english}
}

@inproceedings{DBLP:conf/cav/XieA05,
  author    = {Yichen Xie and
               Alexander Aiken},
  title     = {Saturn: {A} SAT-Based Tool for Bug Detection},
  booktitle = {{CAV}},
  series    = {Lecture Notes in Computer Science},
  volume    = {3576},
  pages     = {139--143},
  publisher = {Springer},
  year      = {2005},
  langid    = {english}
}

@inproceedings{DBLP:conf/context/BouquetMSZ03,
  author    = {Paolo Bouquet and
               Bernardo Magnini and
               Luciano Serafini and
               Stefano Zanobini},
  title     = {A SAT-Based Algorithm for Context Matching},
  booktitle = {{CONTEXT}},
  series    = {Lecture Notes in Computer Science},
  volume    = {2680},
  pages     = {66--79},
  publisher = {Springer},
  year      = {2003},
  langid    = {english}
}

@inproceedings{DBLP:conf/ida/MetivierBCKL12,
  author    = {Jean{-}Philippe M{\'{e}}tivier and
               Patrice Boizumault and
               Bruno Cr{\'{e}}milleux and
               Mehdi Khiari and
               Samir Loudni},
  title     = {Constrained Clustering Using {SAT}},
  booktitle = {{IDA}},
  series    = {Lecture Notes in Computer Science},
  volume    = {7619},
  pages     = {207--218},
  publisher = {Springer},
  year      = {2012},
  langid    = {english}
}

@inproceedings{Coste97regularinference,
    author    = {Fran{\c{c}}ois Coste and Jacques Nicolas},
    title     = {Regular Inference as a graph coloring problem},
    booktitle = {Workshop on Grammatical Inference, Automata Induction, and Language Acquisition (ICML'97)},
    year      = {1997},
    langid    = {english}
}

@book{trakhtenbrot-1973-modeling,
  title       = {Конечные автоматы (поведение и синтез)},
  author      = {Трахтенброт, Борис Абраамович and Барздинь, Ян Мартынович},
  year        = {1970},
  series      = {Математическая логика и основания математики},
  publisher   = {Наука. Гл. ред. физ.-мат. лит.},
  pagetotal   = {400},
  langid      = {russian}
}

@inproceedings{DBLP:conf/colt/Lang92,
  author    = {Kevin J. Lang},
  title     = {Random DFA's Can Be Approximately Learned from Sparse Uniform Examples},
  booktitle = {Proceedings of the Fifth ACM Workshop on Computational Learning Theory},
  pages     = {45--52},
  publisher = {{ACM}},
  year      = {1992},
  langid    = {english}
}

@article{DBLP:journals/iandc/Gold67,
  author    = {E. Mark Gold},
  title     = {Language Identification in the Limit},
  journal   = {Information and Control},
  volume    = {10},
  number    = {5},
  pages     = {447--474},
  year      = {1967},
  langid    = {english}
}

@inbook{oncina-rpni-1992,
  author        = { J. Oncina and P. García },
  title         = {Inferring Regular Languages in Polynomial Update Time},
  booktitle     = {Pattern Recognition and Image Analysis},
  volume        = {1},
  series        = {Series in Machine Perception and Artificial Intelligence},
  pages         = {49-61},
  year          = {1992},
  langid        = {english}
}

@inproceedings{DBLP:conf/icgi/CicchelloK02,
  author    = {Orlando Cicchello and
               Stefan C. Kremer},
  title     = {Beyond {EDSM}},
  booktitle = {{ICGI}},
  series    = {Lecture Notes in Computer Science},
  volume    = {2484},
  pages     = {37--48},
  publisher = {Springer},
  year      = {2002},
  langid    = {english},
}

@techreport{lang-1999-faster,
    author = {Lang, Kevin J},
    title = {Faster algorithms for finding minimal consistent DFAs},
    institution = {NEC Research Institute},
    year = {1999},
    langid = {english}
}

@inproceedings{chivilikhin-12-ant,
   author = {Chivilikhin, Daniil and Ulyantsev, Vladimir},
   title = {Learning Finite-State Machines with Ant Colony Optimization},
   booktitle = {Swarm Intelligence},
   series = {Lecture Notes in Computer Science},
   publisher = {Springer Berlin / Heidelberg},
   pages = {268-275},
   volume = {7461},
   year = {2012},
   langid = {english}
}

@inproceedings{DBLP:conf/cp/Walsh00,
  author    = {Toby Walsh},
  title     = {{SAT} v {CSP}},
  booktitle = {{CP}},
  series    = {Lecture Notes in Computer Science},
  volume    = {1894},
  pages     = {441--456},
  publisher = {Springer},
  year      = {2000},
   langid = {english}
}

@article{Luce1949,
  author={Luce, R. Duncan and Perry, Albert D.},
  title={A method of matrix analysis of group structure},
  journal={Psychometrika},
  year={1949},
  volume={14},
  number={2},
  pages={95-116},
  langid = {english}
}

@article{мандрыкин2013введение,
  title={Введение в метод {CEGAR}~--- уточнение абстракции по контрпримерам},
  author={Мандрыкин, МУ and Мутилин, ВС and Хорошилов, АВ},
  journal={Труды Института системного программирования РАН},
  volume={24},
  year={2013},
  langid = {russian}
}

@article{DBLP:journals/ese/WalkinshawLDBD13,
  author    = {Neil Walkinshaw and
               Bernard Lambeau and
               Christophe Damas and
               Kirill Bogdanov and
               Pierre Dupont},
  title     = {{STAMINA:} a competition to encourage the development and assessment
               of software model inference techniques},
  journal   = {Empirical Software Engineering},
  volume    = {18},
  number    = {4},
  pages     = {791--824},
  year      = {2013},
  langid    = {english}
}

﻿@book{shalyto-automata-2010-en,
  title       = {Automata-based Programming},
  author      = {N. Polykarpova and A. Shalyto},
  year        = {2010},
  location    = {St. Petersburg},
  publisher   = {Piter},
  pagetotal   = {176},
  note        = {In Russian},
  langid      = {english}
}

@phdthesis{ulyantsev-phd-13-en,
  author      = {V. Ulyantsev},
  title       = {Finite-state machine inference using Boolean satisfiability and constraint satisfaction problem solvers},
  institution = {ITMO University},
  year        = {2015},
  %science     = {техн. наук},
  note = {In Russian},
  langid      = {english}
}

@online{dfa-inductor-en,
  author    = {Ilya Zakirzyanov and Vladimir Ulyantsev},
  title     = {{DFA-Inductor}},
  url       = {https://github.com/ctlab/DFA-Inductor},
  urldate   = {2020-10-02},
  langid    = {english}
}

@online{dfa-inductor-py-en,
  author    = {Ilya Zakirzyanov},
  title     = {{DFA-Inductor-py}},
  url       = {https://github.com/ctlab/DFA-Inductor-py},
  urldate   = {2020-10-02},
  langid    = {english}
}

@book{trakhtenbrot-1973-modeling-en,
  title       = {Finite Automata: Behavior and Synthesis},
  author      = {Boris Avraamovich Trakhtenbrot and Y. M. Barzdin},
  year        = {1973},
  series      = {Fundamental studies in computer science},
  location    = {Amsterdam},
  publisher   = {North-Holland Publishing Company},
  pagetotal   = {321},
  langid      = {english}
}

@article{мандрыкин2013введение-en,
  title={Introduction to {CEGAR}~--- Counter-Example Guided Abstraction Refinement},
  author={Mandrykin, M.U. and Mutilin, V.S. and Khoroshilov, A.V.},
  journal={Proceedings of the Institute for System Programming of the RAS (Proceedings of ISP RAS)},
  volume={24},
  year={2013},
  pages = {219--292},
  note = {In Russian},
  langid = {english}
}

@article{DBLP:journals/tii/ChivilikhinPCCV20,
  author    = {Daniil Chivilikhin and
               Sandeep Patil and
               Konstantin Chukharev and
               Anthony Cordonnier and
               Valeriy Vyatkin},
  title     = {Automatic State Machine Reconstruction From Legacy Programmable Logic
               Controller Using Data Collection and {SAT} Solver},
  journal   = {{IEEE} Transactions on Industrial Informatics},
  volume    = {16},
  number    = {12},
  pages     = {7821--7831},
  year      = {2020},
  langid    = {english}
}

@online{graphviz,
  title     = {{GraphViz}~--- Graph Visualization Software},
  url       = {https://graphviz.org/},
  urldate   = {2020-10-02},
  langid    = {english}
}

@article{DBLP:journals/ieeesp/ZhivichC09,
  author    = {Michael Zhivich and
               Robert K. Cunningham},
  title     = {The Real Cost of Software Errors},
  journal   = {{IEEE} Security {\&} Privacy},
  volume    = {7},
  number    = {2},
  pages     = {87--90},
  year      = {2009},
  langid = {english}
}

@inproceedings{turing1936computable,
  author = {Turing, Alan Mathison},
  title = {On computable numbers, with an application to the Entscheidungsproblem},
  booktitle = {Proceedings of the London Mathematical Society},
  pages = {230--265},
  volume = {s2-42},
  issue = {1},
  year = {1936},
  langid = {english}
}

@inproceedings{DBLP:conf/sat/Biere14,
  author    = {Armin Biere},
  title     = {Lingeling Essentials, {A} Tutorial on Design and Implementation Aspects
               of the the {SAT} Solver Lingeling},
  booktitle = {POS{\@}SAT},
  series    = {EPiC Series in Computing},
  volume    = {27},
  pages     = {88},
  publisher = {EasyChair},
  year      = {2014},
  langid    = {english}
}

@article{biere2017cadical,
  title={Cadical, Lingeling, Plingeling, Treengeling and {YalSAT} entering the sat competition 2018},
  author={Biere, Armin},
  journal={SAT competition},
  year={2017},
  pages={1}
}

@inproceedings{DBLP:conf/sat/SoosNC09,
  author    = {Mate Soos and
               Karsten Nohl and
               Claude Castelluccia},
  editor    = {Oliver Kullmann},
  title     = {Extending {SAT} Solvers to Cryptographic Problems},
  booktitle = {Theory and Applications of Satisfiability Testing - {SAT} 2009, 12th
               International Conference, {SAT} 2009, Swansea, UK, June 30 - July
               3, 2009. Proceedings},
  series    = {Lecture Notes in Computer Science},
  volume    = {5584},
  pages     = {244--257},
  publisher = {Springer},
  year      = {2009},
  langid    = {english}
}

@article{fleury2020cadical,
  title={CaDiCaL, Kissat, Paracooba, Plingeling and Treengeling entering the SAT Competition 2020},
  author={Fleury, Armin Biere Katalin Fazekas Mathias and Heisinger, Maximilian},
  journal={SAT competition},
  year = {2020},
  pages={50},
  langid = {english}
}

@book{balyo2020proceedings,
  title={Proceedings of SAT Competition 2020: Solver and Benchmark Descriptions},
  author={Balyo, Tom{\'a}{\v{s}} and Froleyks, Nils and Heule, Marijn JH and Iser, Markus and J{\"a}rvisalo, Matti and Suda, Martin},
  year={2020},
  publisher={University of Helsinki, Department of Computer Science},
  langid = {english}
}

@incollection{DBLP:reference/ml/DorigoB17,
  author    = {Marco Dorigo and
               Mauro Birattari},
  title     = {Ant Colony Optimization},
  booktitle = {Encyclopedia of Machine Learning and Data Mining},
  pages     = {56--59},
  publisher = {Springer},
  year      = {2017},
  langid    = {english}
}